<record><leader>00000cas a22000007a 4500</leader><controlfield tag="001">18125670</controlfield><controlfield tag="008">880623d19881988nyuwr ne      0   a0eng d</controlfield><datafield ind1=" " ind2=" " tag="010"><subfield code="a">sn 88001972 </subfield></datafield><datafield ind1=" " ind2=" " tag="040"><subfield code="a">NSD</subfield><subfield code="b">eng</subfield><subfield code="c">NSD</subfield><subfield code="d">NYS</subfield><subfield code="d">OCLCQ</subfield><subfield code="d">OCLCF</subfield><subfield code="d">OCLCO</subfield></datafield><datafield ind1=" " ind2=" " tag="012"><subfield code="m">1</subfield></datafield><datafield ind1=" " ind2=" " tag="019"><subfield code="a">990540183</subfield></datafield><datafield ind1="1" ind2=" " tag="022"><subfield code="a">0899-5354</subfield><subfield code="l">0899-5354</subfield><subfield code="2">1</subfield></datafield><datafield ind1="1" ind2=" " tag="029"><subfield code="a">AU@</subfield><subfield code="b">000045356079</subfield></datafield><datafield ind1=" " ind2=" " tag="032"><subfield code="a">450200</subfield><subfield code="b">USPS</subfield></datafield><datafield ind1=" " ind2=" " tag="042"><subfield code="a">nsdp</subfield><subfield code="a">msc</subfield></datafield><datafield ind1=" " ind2=" " tag="043"><subfield code="a">n-us-ny</subfield></datafield><datafield ind1="0" ind2=" " tag="130"><subfield code="a">Pulaski Democrat (Pulaski, N.Y. : 1988)</subfield></datafield><datafield ind1=" " ind2="0" tag="222"><subfield code="a">Pulaski Democrat</subfield><subfield code="b">(1988)</subfield></datafield><datafield ind1="1" ind2="0" tag="245"><subfield code="a">Pulaski Democrat.</subfield></datafield><datafield ind1="3" ind2="0" tag="246"><subfield code="a">Pulaski-Sandy Creek Pulaski Democrat</subfield></datafield><datafield ind1=" " ind2=" " tag="260"><subfield code="a">Pulaski, N.Y. :</subfield><subfield code="b">North Country Publications,</subfield><subfield code="c">1988.</subfield></datafield><datafield ind1=" " ind2=" " tag="300"><subfield code="a">1 v. :</subfield><subfield code="b">ill.</subfield></datafield><datafield ind1=" " ind2=" " tag="310"><subfield code="a">Weekly</subfield></datafield><datafield ind1="0" ind2=" " tag="362"><subfield code="a">Vol. 4, no. 2 (Apr. 11, 1988)-v. 4, no. 31 (Oct. 31, 1988).</subfield></datafield><datafield ind1=" " ind2=" " tag="500"><subfield code="a">Published on Monday.</subfield></datafield><datafield ind1=" " ind2=" " tag="500"><subfield code="a">"A town &amp; country newspaper."</subfield></datafield><datafield ind1=" " ind2=" " tag="500"><subfield code="a">At head of title: Pulaski-Sandy Creek.</subfield></datafield><datafield ind1=" " ind2="0" tag="651"><subfield code="a">Pulaski (N.Y.)</subfield><subfield code="v">Newspapers.</subfield></datafield><datafield ind1=" " ind2="0" tag="651"><subfield code="a">Sandy Creek (N.Y.)</subfield><subfield code="v">Newspapers.</subfield></datafield><datafield ind1=" " ind2="0" tag="651"><subfield code="a">Oswego County (N.Y.)</subfield><subfield code="v">Newspapers.</subfield></datafield><datafield ind1=" " ind2="7" tag="655"><subfield code="a">Newspapers.</subfield><subfield code="2">fast</subfield><subfield code="0">(OCoLC)fst01423814</subfield></datafield><datafield ind1=" " ind2="7" tag="651"><subfield code="a">New York (State)</subfield><subfield code="z">Oswego County.</subfield><subfield code="2">fast</subfield><subfield code="0">(OCoLC)fst01208853</subfield></datafield><datafield ind1=" " ind2="7" tag="651"><subfield code="a">New York (State)</subfield><subfield code="z">Pulaski.</subfield><subfield code="2">fast</subfield><subfield code="0">(OCoLC)fst01221624</subfield></datafield><datafield ind1=" " ind2="7" tag="651"><subfield code="a">New York (State)</subfield><subfield code="z">Sandy Creek.</subfield><subfield code="2">fast</subfield><subfield code="0">(OCoLC)fst01221621</subfield></datafield><datafield ind1=" " ind2=" " tag="752"><subfield code="a">United States</subfield><subfield code="b">New York</subfield><subfield code="c">Oswego</subfield><subfield code="d">Pulaski.</subfield></datafield><datafield ind1=" " ind2=" " tag="752"><subfield code="a">United States</subfield><subfield code="b">New York</subfield><subfield code="c">Oswego</subfield><subfield code="d">Sandy Creek.</subfield></datafield><datafield ind1="0" ind2="0" tag="780"><subfield code="t">Banner times</subfield><subfield code="x">8750-8419</subfield><subfield code="w">(DLC)sn 85009771</subfield><subfield code="w">(OCoLC)11843291</subfield></datafield><datafield ind1="0" ind2="0" tag="785"><subfield code="t">Pulaski Democrat &amp; Sandy Creek news</subfield><subfield code="w">(DLC)sn 92061432</subfield></datafield></record>